@inproceedings
{
	fake1,
	author = {Malcolm Reynolds and Inara Serra},
	title = {A new framework for leasing and respectability},
	year = {2517},
	pages = {42--51},
	booktitle = {Control Theory},
	publisher = {Allied Symposia},
}

@inproceedings
{
	fake2,
	author = {Malcolm Reynolds and Inara Serra},
	title = {A new framework for leasing and respectability},
	year = {2517},
	pages = {42--51},
	booktitle = {Control Theory},
	publisher = {Allied Symposia},
}

@inproceedings
{
	fake3,
	author = {Malcolm Reynolds and Inara Serra},
	title = {A new framework for leasing and respectability},
	year = {2517},
	pages = {42--51},
	booktitle = {Control Theory},
	publisher = {Allied Symposia},
}